@inproceedings{DBLP:conf/iclr/PlatonovKDBP23,
  author       = {Oleg Platonov and
                  Denis Kuznedelev and
                  Michael Diskin and
                  Artem Babenko and
                  Liudmila Prokhorenkova},
  title        = {A critical look at the evaluation of GNNs under heterophily: Are we
                  really making progress?},
  booktitle    = {The Eleventh International Conference on Learning Representations,
                  {ICLR} 2023, Kigali, Rwanda, May 1-5, 2023},
  publisher    = {OpenReview.net},
  year         = {2023},
  url          = {https://openreview.net/forum?id=tJbbQfw-5wv},
  timestamp    = {Wed, 24 Jul 2024 16:50:33 +0200},
  biburl       = {https://dblp.org/rec/conf/iclr/PlatonovKDBP23.bib},
  bibsource    = {dblp computer science bibliography, https://dblp.org}
}



@inproceedings{DBLP:conf/sigir/LassanceC23,
  author       = {Carlos Lassance and
                  St{\'{e}}phane Clinchant},
  editor       = {Hsin{-}Hsi Chen and
                  Wei{-}Jou (Edward) Duh and
                  Hen{-}Hsen Huang and
                  Makoto P. Kato and
                  Josiane Mothe and
                  Barbara Poblete},
  title        = {The Tale of Two {MSMARCO} - and Their Unfair Comparisons},
  booktitle    = {Proceedings of the 46th International {ACM} {SIGIR} Conference on
                  Research and Development in Information Retrieval, {SIGIR} 2023, Taipei,
                  Taiwan, July 23-27, 2023},
  pages        = {2431--2435},
  publisher    = {{ACM}},
  year         = {2023},
  url          = {https://doi.org/10.1145/3539618.3592071},
  doi          = {10.1145/3539618.3592071},
  timestamp    = {Fri, 21 Jul 2023 22:25:23 +0200},
  biburl       = {https://dblp.org/rec/conf/sigir/LassanceC23.bib},
  bibsource    = {dblp computer science bibliography, https://dblp.org}
}



@article{DBLP:journals/cacm/PromptHacking,
  author       = {Meredith Ringel Morris},
  title        = {Prompting Considered Harmful},
  journal      = {Commun. {ACM}},
  volume       = {67},
  number       = {12},
  pages        = {28},
  year         = {2024},
  doi          = {10.1145/3673861},
}

@inproceedings{DBLP:conf/sigir/FerrarettoLLN23,
  author       = {Fernando Ferraretto and
                  Thiago Laitz and
                  Roberto de Alencar Lotufo and
                  Rodrigo Frassetto Nogueira},
  editor       = {Hsin{-}Hsi Chen and
                  Wei{-}Jou (Edward) Duh and
                  Hen{-}Hsen Huang and
                  Makoto P. Kato and
                  Josiane Mothe and
                  Barbara Poblete},
  title        = {ExaRanker: Synthetic Explanations Improve Neural Rankers},
  booktitle    = {Proceedings of the 46th International {ACM} {SIGIR} Conference on
                  Research and Development in Information Retrieval, {SIGIR} 2023, Taipei,
                  Taiwan, July 23-27, 2023},
  pages        = {2409--2414},
  publisher    = {{ACM}},
  year         = {2023},
  url          = {https://doi.org/10.1145/3539618.3592067},
  doi          = {10.1145/3539618.3592067},
  timestamp    = {Fri, 21 Jul 2023 22:25:23 +0200},
  biburl       = {https://dblp.org/rec/conf/sigir/FerrarettoLLN23.bib},
  bibsource    = {dblp computer science bibliography, https://dblp.org}
}


@book{DBLP:books/daglib/0040158,
  author       = {Ian J. Goodfellow and
                  Yoshua Bengio and
                  Aaron C. Courville},
  title        = {Deep Learning},
  series       = {Adaptive computation and machine learning},
  publisher    = {{MIT} Press},
  year         = {2016},
  url          = {http://www.deeplearningbook.org/},
  isbn         = {978-0-262-03561-3},
  timestamp    = {Sat, 25 Mar 2017 20:16:59 +0100},
  biburl       = {https://dblp.org/rec/books/daglib/0040158.bib},
  bibsource    = {dblp computer science bibliography, https://dblp.org}
}


@inproceedings{DBLP:conf/kcap/Grosse-BoltingN15,
  author    = {Gregor Gro{\ss}e{-}B{\"{o}}lting and
               Chifumi Nishioka and
               Ansgar Scherp},
  editor    = {Ken Barker and
               Jos{\'{e}} Manu{\'{e}}l G{\'{o}}mez{-}P{\'{e}}rez},
  title     = {A Comparison of Different Strategies for Automated Semantic Document
               Annotation},
  booktitle = {Proceedings of the 8th International Conference on Knowledge Capture,
               {K-CAP} 2015, Palisades, NY, USA, October 7-10, 2015},
  pages     = {8:1--8:8},
  publisher = {{ACM}},
  year      = {2015},
  url       = {https://doi.org/10.1145/2815833.2815838},
  doi       = {10.1145/2815833.2815838},
  timestamp = {Sun, 25 Oct 2020 22:55:43 +0100},
  biburl    = {https://dblp.org/rec/conf/kcap/Grosse-BoltingN15.bib},
  bibsource = {dblp computer science bibliography, https://dblp.org}
}

@article{DBLP:journals/cacm/Ousterhout18,
  author       = {John K. Ousterhout},
  title        = {Always measure one level deeper},
  journal      = {Commun. {ACM}},
  volume       = {61},
  number       = {7},
  pages        = {74--83},
  year         = {2018},
  url          = {https://doi.org/10.1145/3213770},
  doi          = {10.1145/3213770},
  timestamp    = {Wed, 21 Nov 2018 12:44:29 +0100},
  biburl       = {https://dblp.org/rec/journals/cacm/Ousterhout18.bib},
  bibsource    = {dblp computer science bibliography, https://dblp.org}
}

@article{DBLP:journals/corr/abs-2204-03954v5-textclassification,
  author       = {Lukas Galke and
                  Andor Diera and
                  Bao Xin Lin and
                  Bhakti Khera and
                  Tim Meuser and
                  Tushar Singhal and
                  Ansgar Scherp},
  title        = {Are We Really Making Much Progress in Text Classification? A Comparative Review},
  journal      = {CoRR},
  volume       = {abs/2204.03954},
  year         = {2023},
  url          = {https://doi.org/10.48550/arXiv.2204.03954},
  doi          = {10.48550/ARXIV.2204.03954},
  eprinttype    = {arXiv},
  eprint       = {2204.03954},
}


